<?xml version="1.0" encoding="UTF-8"?><record xmlns="http://www.loc.gov/MARC21/slim" xmlns:cinclude="http://apache.org/cocoon/include/1.0" xmlns:zs="http://www.loc.gov/zing/srw/">
  <leader>00427cz  a2200145n  4500</leader>
  <controlfield tag="001">n  84209550 </controlfield>
  <controlfield tag="003">DLC</controlfield>
  <controlfield tag="005">20000526065702.0</controlfield>
  <controlfield tag="008">850221n| acannaabn          |a aaa     b</controlfield>
  <datafield tag="010" ind1=" " ind2=" ">
    <subfield code="a">n  84209550 </subfield>
  </datafield>
  <datafield tag="035" ind1=" " ind2=" ">
    <subfield code="a">(OCoLC)oca01278926</subfield>
  </datafield>
  <datafield tag="040" ind1=" " ind2=" ">
    <subfield code="a">DNLM</subfield>
    <subfield code="b">eng</subfield>
    <subfield code="c">DLC</subfield>
    <subfield code="d">OCoLC</subfield>
  </datafield>
  <datafield tag="100" ind1="1" ind2=" ">
    <subfield code="a">Ulsafer-Van Lanen, Jane</subfield>
  </datafield>
  <datafield tag="400" ind1="1" ind2=" ">
    <subfield code="a">Van Lanen, Jane Ulsafer-</subfield>
  </datafield>
  <datafield tag="670" ind1=" " ind2=" ">
    <subfield code="a">Nursing interventions in depression, c1985:</subfield>
    <subfield code="b">CIP t.p. (Jane Ulsafer-Van Lanen)</subfield>
  </datafield>
</record>